%% AUTHOR
%% AFFILIATION
%% ------------------------------------------------------------------------
%% BIBLIOGRAFIA
%% ------------------------------------------------------------------------

@misc{wiki-arg-theory,
  title     = {Argumentation theory},
  url       = {https://en.wikipedia.org/wiki/Argumentation_theory},
  journal   = {Wikipedia},
  publisher = {Wikimedia Foundation},
  year      = {2022},
  month     = {jun}
}
@article{grandini2020metrics,
  title   = {Metrics for multi-class classification: an overview},
  author  = {Grandini, Margherita and Bagli, Enrico and Visani, Giorgio},
  journal = {arXiv preprint arXiv:2008.05756},
  year    = {2020}
}
@inproceedings{baldi2013dropout,
  author    = {Baldi, Pierre and Sadowski, Peter J},
  booktitle = {Advances in Neural Information Processing Systems},
  editor    = {C.J. Burges and L. Bottou and M. Welling and Z. Ghahramani and K.Q. Weinberger},
  pages     = {},
  publisher = {Curran Associates, Inc.},
  title     = {Understanding Dropout},
  volume    = {26},
  year      = {2013}
}
@article{csahin2019data,
  title   = {Data augmentation via dependency tree morphing for low-resource languages},
  author  = {{\c{S}}ahin, G{\"o}zde G{\"u}l and Steedman, Mark},
  journal = {arXiv preprint arXiv:1903.09460},
  year    = {2019}
}
@article{dai2020analysis,
  title   = {An analysis of simple data augmentation for named entity recognition},
  author  = {Dai, Xiang and Adel, Heike},
  journal = {arXiv preprint arXiv:2010.11683},
  year    = {2020}
}
@book{brownlee2018better,
  title     = {Better Deep Learning: Train Faster, Reduce Overfitting, and Make Better Predictions},
  author    = {Brownlee, J.},
  year      = {2018},
  publisher = {Machine Learning Mastery}
}
@article{dietterich2002ensemble,
  title     = {Ensemble learning},
  author    = {Dietterich, Thomas G},
  journal   = {The Handbook of Brain Theory and Neural Networks},
  volume    = {2},
  number    = {1},
  pages     = {110--125},
  year      = {2002},
  publisher = {MIT press Cambridge, MA, USA}
}
@inproceedings{lafferty2001conditional,
  title     = {Conditional Random Fields: Probabilistic models for segmenting and labeling sequence data},
  author    = {Lafferty, John and McCallum, Andrew and Pereira, Fernando CN},
  booktitle = {Proceedings of the 18th International Conference on Machine Learning 2001 (ICML 2001)},
  year      = {2001},
  pages     = {282--289}
}
@article{wallach2004conditional,
  title   = {Conditional Random Fields: An introduction},
  author  = {Wallach, Hanna M},
  journal = {Technical Reports (CIS)},
  pages   = {22},
  year    = {2004}
}
@book{van2004systematic,
  title={A systematic theory of argumentation: The pragma-dialectical approach},
  author={Van Eemeren, Frans H and Grootendorst, Rob},
  year={2004},
  publisher={Cambridge University Press}
}
@article{liu2010sentiment,
  title={Sentiment analysis and subjectivity.},
  author={Liu, Bings},
  journal={Handbook of natural language processing},
  volume={2},
  number={2010},
  pages={627--666},
  year={2010},
  publisher={Oxfordshire}
}
Definicion de F1%
@inproceedings{persing2016end,
  title     = {End-to-End Argumentation Mining in Student Essays},
  author    = {Persing, Isaac  and
               Ng, Vincent},
  booktitle = {Proceedings of the 2016 Conference of the North {A}merican Chapter of the Association for Computational Linguistics: Human Language Technologies},
  month     = jun,
  year      = {2016},
  address   = {San Diego, California},
  publisher = {Association for Computational Linguistics},
  url       = {https://aclanthology.org/N16-1164},
  doi       = {10.18653/v1/N16-1164},
  pages     = {1384--1394}
}
@article{botchkarev2019new,
  title     = {A new typology design of performance metrics to measure errors in machine learning regression algorithms},
  author    = {Botchkarev, Alexei},
  journal   = {Interdisciplinary Journal of Information, Knowledge, and Management},
  volume    = {14},
  pages     = {45},
  year      = {2019},
  publisher = {Informing Science Institute}
}
@inbook{rahwan2009aif,
  author  = {Rahwan, Iyad and Reed, Chris},
  year    = {2009},
  month   = {05},
  pages   = {383-402},
  title   = {The Argument Interchange Format},
  isbn    = {978-0-387-98196-3},
  journal = {Argumentation in Artificial Intelligence},
  doi     = {10.1007/978-0-387-98197-0_19}
}
@inbook{corneli2019iat,
  author  = {Corneli, J., Martin, U., Murray-Rust, D. et al.},
  year    = {2019},
  month   = {06},
  pages   = {173-214},
  title   = {Argumentation Theory for Mathematical Argument},
  journal = {Argumentation},
  doi     = {10.1007/s10503-018-9474-x}
}
@article{moens2018argumentation,
  title     = {Argumentation mining: How can a machine acquire common sense and world knowledge?},
  author    = {Moens, Marie-Francine},
  journal   = {Argument \& Computation},
  volume    = {9},
  number    = {1},
  pages     = {1--14},
  year      = {2018},
  publisher = {IOS Press}
}
@article{ma2016end,
  title   = {End-to-end sequence labeling via bi-directional lstm-cnns-crf},
  author  = {Ma, Xuezhe and Hovy, Eduard},
  journal = {arXiv preprint arXiv:1603.01354},
  year    = {2016}
}
@inproceedings{pennington2014glove,
  title     = {Glove: Global vectors for word representation},
  author    = {Pennington, Jeffrey and Socher, Richard and Manning, Christopher D},
  booktitle = {Proceedings of the 2014 conference on empirical methods in natural language processing (EMNLP)},
  pages     = {1532--1543},
  year      = {2014}
}
@book{toulmin_2003,
  place     = {Cambridge},
  edition   = {2},
  title     = {The Uses of Argument},
  publisher = {Cambridge University Press},
  author    = {Toulmin, Stephen E.},
  year      = {2003}
}
@book{freeman2011argument,
  title     = {Argument Structure:: Representation and Theory},
  author    = {Freeman, James B},
  volume    = {18},
  year      = {2011},
  publisher = {Springer Science \& Business Media}
}
@misc{classicalArgument,
  url       = {https://owl.purdue.edu/owl/general_writing/academic_writing/historical_perspectives_on_argumentation/classical_argument.html},
  title     = {Historical Perspectives on Argumentation - Classical Argument},
  publisher = {Purdue University},
  year      = {2022},
  month     = {oct}
}
@misc{toulminArgument,
  url       = {https://owl.purdue.edu/owl/general_writing/academic_writing/historical_perspectives_on_argumentation/toulmin_argument.html},
  title     = {Historical Perspectives on Argumentation - Toulmin Argument},
  publisher = {Purdue University},
  year      = {2022},
  month     = {oct}
}

@misc{rogerianArgument,
  url       = {https://owl.purdue.edu/owl/general_writing/academic_writing/historical_perspectives_on_argumentation/rogerian_argument.html},
  title     = {Historical Perspectives on Argumentation - Rogerian Argument},
  publisher = {Purdue University},
  year      = {2022},
  month     = {oct}
}
@article{dyer2013fastalign,
  abstract  = {We present a simple log-linear reparame-terization of IBM Model 2 that overcomes problems arising from Model 1's strong assumptions and Model 2's overparame-terization. Efficient inference, likelihood evaluation, and parameter estimation algorithms are provided. Training the model is consistently ten times faster than Model 4. On three large-scale translation tasks, systems built using our alignment model outperform IBM Model 4. An open-source implementation of the alignment model described in this paper is available from http://github.com/clab/fast align .},
  author    = {Chris Dyer and Victor Chahuneau and Noah A Smith},
  pages     = {9-14},
  journal   = {Association for Computational Linguistics},
  title     = {A Simple, Fast, and Effective Reparameterization of IBM Model 2},
  url       = {http://github.com/clab/fast},
  year      = {2013}
}
@article{feng2021data,
  abstract = {Data augmentation has recently seen increased interest in NLP due to more work in low-resource domains, new tasks, and the popularity of large-scale neural networks that require large amounts of training data. Despite this recent upsurge, this area is still relatively underexplored, perhaps due to the challenges posed by the discrete nature of language data. In this paper, we present a comprehensive and unifying survey of data augmentation for NLP by summarizing the literature in a structured manner. We first introduce and motivate data augmentation for NLP, and then discuss major methodologically representative approaches. Next, we highlight techniques that are used for popular NLP applications and tasks. We conclude by outlining current challenges and directions for future research. Overall, our paper aims to clarify the landscape of existing literature in data augmentation for NLP and motivate additional work in this area. We also present a GitHub repository with a paper list that will be continuously updated at https://github.com/styfeng/DataAug4NLP},
  author   = {Steven Y. Feng and Varun Gangal and Jason Wei and Sarath Chandar and Soroush Vosoughi and Teruko Mitamura and Eduard Hovy},
  month    = {5},
  title    = {A Survey of Data Augmentation Approaches for NLP},
  journal={arXiv preprint arXiv:2105.03075},
  url      = {http://arxiv.org/abs/2105.03075},
  year     = {2021}
}
@report{sardianos2015news,
  abstract = {Argument extraction is the task of identifying arguments, along with their components in text. Arguments can be usually decomposed into a claim and one or more premises justifying it. The proposed approach tries to identify segments that represent argument elements (claims and premises) on social Web texts (mainly news and blogs) in the Greek language, for a small set of thematic domains, including articles on politics , economics, culture, various social issues, and sports. The proposed approach exploits distributed representations of words, extracted from a large non-annotated corpus. Among the novel aspects of this work is the thematic domain itself which relates to social Web, in contrast to traditional research in the area, which concentrates mainly on law documents and scientific publications. The huge increase of social web communities, along with their user tendency to debate, makes the identification of arguments in these texts a necessity. In addition, a new manually annotated corpus has been constructed that can be used freely for research purposes. Evaluation results are quite promising, suggesting that distributed representations can contribute positively to the task of argument extraction .},
  author   = {Christos Sardianos and Ioannis Manousos Katakis and Georgios Petasis and Vangelis Karkaletsis},
  pages    = {56-66},
  title    = {Argument Extraction from News},
  year     = {2015}
}
@inproceedings{palau2009argumentation,
  title={Argumentation mining: the detection, classification and structure of arguments in text},
  author={Palau, Raquel Mochales and Moens, Marie-Francine},
  booktitle={Proceedings of the 12th international conference on artificial intelligence and law},
  pages={98--107},
  year={2009}
}
@book{manning2008introduction,
  title={Introduction to information retrieval},
  author={Manning, Christopher D},
  year={2008},
  publisher={Syngress Publishing,}
}
@article{stede2018argumentation,
  title={Argumentation mining},
  author={Stede, Manfred and Schneider, Jodi},
  journal={Synthesis Lectures on Human Language Technologies},
  volume={11},
  number={2},
  pages={1--191},
  year={2018},
  publisher={Morgan \& Claypool Publishers}
}
@report{lauscher2018inventor,
  abstract = {Argumentation is an essential feature of scientific language. We present an annotation study resulting in a corpus of scientific publications annotated with argumentative components and relations. The argumentative annotations have been added to the existing Dr. Inventor Corpus , already annotated for four other rhetorical aspects. We analyze the annotated argumentative structures and investigate the relations between argumentation and other rhetorical aspects of scientific writing, such as discourse roles and citation contexts.},
  author   = {Anne Lauscher and Goran Glavaš and Simone Paolo Ponzetto},
  pages    = {40-46},
  title    = {An Argument-Annotated Corpus of Scientific Publications},
  url      = {http://data.dws.informatik.},
  year     = {2018}
}
@article{yang2018scidtb,
  abstract = {Annotation corpus for discourse relations benefits NLP tasks such as machine translation and question answering. In this paper, we present SciDTB, a domain-specific discourse treebank annotated on scientific articles. Different from widely-used RST-DT and PDTB, SciDTB uses dependency trees to represent discourse structure, which is flexible and simplified to some extent but do not sacrifice structural integrity. We discuss the labeling framework, annotation workflow and some statistics about SciDTB. Furthermore, our treebank is made as a benchmark for evaluating discourse dependency parsers, on which we provide several baselines as fundamental work.},
  author   = {An Yang and Sujian Li},
  month    = {6},
  title    = {SciDTB: Discourse Dependency TreeBank for Scientific Abstracts},
  url      = {http://arxiv.org/abs/1806.03653},
  year     = {2018}
}
@article{dykes2020reconstructing,
  title     = {Reconstructing arguments from noisy text},
  author    = {Dykes, Natalie and Evert, Stefan and G{\"o}ttlinger, Merlin and Heinrich, Philipp and Schr{\"o}der, Lutz},
  journal   = {Datenbank-Spektrum},
  volume    = {20},
  number    = {2},
  pages     = {123--129},
  year      = {2020},
  publisher = {Springer}
}
@inproceedings{stab2014identifying,
  title     = {Identifying argumentative discourse structures in persuasive essays},
  author    = {Stab, Christian and Gurevych, Iryna},
  booktitle = {Proceedings of the 2014 conference on empirical methods in natural language processing (EMNLP)},
  pages     = {46--56},
  year      = {2014}
}
@article{eger2017neural,
  title   = {Neural end-to-end learning for computational argumentation mining},
  author  = {Eger, Steffen and Daxenberger, Johannes and Gurevych, Iryna},
  journal = {arXiv preprint arXiv:1704.06104},
  year    = {2017}
}
@article{hochreiter1997long,
  title     = {Long short-term memory},
  author    = {Hochreiter, Sepp and Schmidhuber, J{\"u}rgen},
  journal   = {Neural computation},
  volume    = {9},
  number    = {8},
  pages     = {1735--1780},
  year      = {1997},
  publisher = {MIT Press}
}
@article{mikolov2013efficient,
  title   = {Efficient estimation of word representations in vector space},
  author  = {Mikolov, Tomas and Chen, Kai and Corrado, Greg and Dean, Jeffrey},
  journal = {arXiv preprint arXiv:1301.3781},
  year    = {2013}
}
@article{devlin2018bert,
  title   = {Bert: Pre-training of deep bidirectional transformers for language understanding},
  author  = {Devlin, Jacob and Chang, Ming-Wei and Lee, Kenton and Toutanova, Kristina},
  journal = {arXiv preprint arXiv:1810.04805},
  year    = {2018}
}
@article{sennrich2015improving,
  title   = {Improving neural machine translation models with monolingual data},
  author  = {Sennrich, Rico and Haddow, Barry and Birch, Alexandra},
  journal = {arXiv preprint arXiv:1511.06709},
  year    = {2015}
}
@article{d2l,
  author    = {Aston Zhang and
               Zachary C. Lipton and
               Mu Li and
               Alexander J. Smola},
  title     = {Dive into Deep Learning},
  journal   = {CoRR},
  volume    = {abs/2106.11342},
  year      = {2021},
  eprinttype = {arXiv},
  eprint    = {2106.11342},
  timestamp = {Wed, 30 Jun 2021 16:14:10 +0200},
  bibsource = {dblp computer science bibliography, https://dblp.org}
}
@article{kingma2014adam,
  title   = {Adam: A method for stochastic optimization},
  author  = {Kingma, Diederik P and Ba, Jimmy},
  journal = {arXiv preprint arXiv:1412.6980},
  year    = {2014}
}
@article{tieleman2012rmsp,
  author  = {Tieleman, T and Hilton, G},
  journal = {COURSERA: Neural Networks for Machine Learning},
  number  = {1},
  title   = {RMSProp},
  volume  = {Lecture 6.5},
  year    = {2012}
}
@article{petrov2011universal,
  title   = {A universal part-of-speech tagset},
  author  = {Petrov, Slav and Das, Dipanjan and McDonald, Ryan},
  journal = {arXiv preprint arXiv:1104.2086},
  year    = {2011}
}
@article{kiperwasser2016simple,
  title     = {Simple and accurate dependency parsing using bidirectional LSTM feature representations},
  author    = {Kiperwasser, Eliyahu and Goldberg, Yoav},
  journal   = {Transactions of the Association for Computational Linguistics},
  volume    = {4},
  pages     = {313--327},
  year      = {2016},
  publisher = {MIT Press}
}
@article{lawrence2020argument,
  author   = {Lawrence, John and Reed, Chris},
  title    = {{Argument Mining: A Survey}},
  journal  = {Computational Linguistics},
  volume   = {45},
  number   = {4},
  pages    = {765-818},
  year     = {2020},
  month    = {01},
  abstract = {{Argument mining is the automatic identification and extraction of the structure of inference and reasoning expressed as arguments presented in natural language. Understanding argumentative structure makes it possible to determine not only what positions people are adopting, but also why they hold the opinions they do, providing valuable insights in domains as diverse as financial market prediction and public relations. This survey explores the techniques that establish the foundations for argument mining, provides a review of recent advances in argument mining techniques, and discusses the challenges faced in automatically extracting a deeper understanding of reasoning expressed in language in general.}},
  issn     = {0891-2017},
  doi      = {10.1162/coli_a_00364},
  url      = {https://doi.org/10.1162/coli\_a\_00364},
  eprint   = {https://direct.mit.edu/coli/article-pdf/45/4/765/1847520/coli\_a\_00364.pdf}
}
@book{janier2019argument,
  title     = {Argument mining: Linguistic foundations},
  author    = {Janier, Mathilde and Saint-Dizier, Patrick},
  year      = {2019},
  publisher = {John Wiley \& Sons}
}
@article{esteve2020mineria,
  title   = {Miner{\'i}a de argumentaci{\'o}n en el Refer{\'e}ndum del 1 de Octubre de 2017},
  author  = {Esteve, Marcos and Casacuberta, Francisco and Rosso, Paolo},
  journal = {Procesamiento del Lenguaje Natural},
  volume  = {65},
  pages   = {59--66},
  year    = {2020}
}
@inproceedings{dou2021word,
  title     = {Word Alignment by Fine-tuning Embeddings on Parallel Corpora},
  author    = {Dou, Zi-Yi and Neubig, Graham},
  booktitle = {Conference of the European Chapter of the Association for Computational Linguistics (EACL)},
  year      = {2021}
}
@article{ostling2016efficient,
  title   = {Efficient word alignment with markov chain monte carlo},
  author  = {{\"O}stling, Robert and Tiedemann, J{\"o}rg},
  journal = {The Prague Bulletin of Mathematical Linguistics},
  year    = {2016}
}
@article{och2003systematic,
  title     = {A systematic comparison of various statistical alignment models},
  author    = {Och, Franz Josef and Ney, Hermann},
  journal   = {Computational linguistics},
  volume    = {29},
  number    = {1},
  pages     = {19--51},
  year      = {2003},
  publisher = {MIT Press One Rogers Street, Cambridge, MA 02142-1209, USA journals-info~…}
}
@misc{tensorflow,
  title   = {Tensorflow},
  url     = {http://www.tensorflow.org/},
  journal = {TensorFlow},
  year    = {2022}
}
@misc{nltk,
  title   = {Natural Language Toolkit},
  url     = {http://www.nltk.org/},
  journal = {NLTK},
  year    = {2022}
}
@misc{matplotlib,
  title   = {Visualization with python},
  url     = {https://matplotlib.org/},
  journal = {Matplotlib},
  year    = {2022}
}
@misc{python,
  title   = {Python},
  url     = {https://www.python.org/},
  journal = {Python},
  year    = {2022}
}
@misc{spacy,
  title   = {Spacy · Industrial-strength natural language processing in python},
  url     = {https://spacy.io/},
  journal = {Industrial-strength Natural Language Processing in Python},
  year    = {2022}
}
@misc{pandas,
  title   = {Pandas},
  url     = {https://pandas.pydata.org/},
  journal = {pandas},
  year    = {2022}
}
@misc{sklearn,
  title   = {Scikit-Learn},
  url     = {https://scikit-learn.org/stable/index.html},
  journal = {Scikit-Learn},
  year    = {2022}
} 
@misc{scrapy,
  title   = {A fast and powerful scraping and web crawling framework},
  url     = {https://scrapy.org/},
  journal = {Scrapy},
  year    = {2022}
} 
@misc{swap,
  title   = {What is memory swapping? - definition from Techopedia},
  url     = {https://www.techopedia.com/definition/30467/memory-swapping},
  journal = {Techopedia.com},
  year         = {2022},
}
@misc{translateGoogle,
  title   = {Google Translate},
  url     = {https://translate.google.com/},
  journal = {Google}
}
@misc{colab,
  title     = {Google Colaboratory},
  url       = {https://colab.research.google.com/},
  journal   = {Google},
  publisher = {Google},
  year      = {2022}
} 
@misc{brat,
  title     = {Brat Rapid Annotation Tool},
  url       = {https://brat.nlplab.org/},
  year      = {2012}
}
@inproceedings{yarowsky2001inducing,
  title     = {Inducing multilingual POS taggers and NP bracketers via robust projection across aligned corpora},
  author    = {Yarowsky, David and Ngai, Grace},
  booktitle = {Second Meeting of the North American Chapter of the Association for Computational Linguistics},
  year      = {2001}
}
@incollection{mayer2020transformer,
  title     = {Transformer-based argument mining for healthcare applications},
  author    = {Mayer, Tobias and Cabrio, Elena and Villata, Serena},
  booktitle = {ECAI 2020},
  pages     = {2108--2115},
  year      = {2020},
  publisher = {IOS Press}
}
@article{galassi2021deep,
  title={Deep Networks and Knowledge: from Rule Learning to Neural-Symbolic Argument Mining},
  author={Galassi, Andrea},
  year={2021},
  journal = {ALMA MATER STUDIORUM - UNIVERSITÀ DI BOLOGNA},
  publisher={alma}
}
@book{perelman1969rhetoric,
 ISBN = {9780268004460},
 abstract = { The New Rhetoric is founded on the idea that since "argumentation aims at securing the adherence of those to whom it is addressed, it is, in its entirety, relative to the audience to be influenced," says Chaïm Perelman and L. Olbrechts-Tyteca, and they rely, in particular, for their theory of argumentation on the twin concepts of universal and particular audiences: while every argument is directed to a specific individual or group, the orator decides what information and what approaches will achieve the greatest adherence according to an ideal audience. This ideal, Perelman explains, can be embodied, for example, "in God, in all reasonable and competent men, in the man deliberating or in an elite." Like particular audiences, then, the universal audience is never fixed or absolute but depends on the orator, the content and goals of the argument, and the particular audience to whom the argument is addressed. These considerations determine what information constitutes "facts" and "reasonableness" and thus help to determine the universal audience that, in turn, shapes the orator's approach. The adherence of an audience is also determined by the orator's use of values, a further key concept of the New Rhetoric. Perelman's treatment of value and his view of epideictic rhetoric sets his approach apart from that of the ancients and of Aristotle in particular. Aristotle's division of rhetoric into three genres-forensic, deliberative, and epideictic-is largely motivated by the judgments required for each: forensic or legal arguments require verdicts on past action, deliberative or political rhetoric seeks judgment on future action, and epideictic or ceremonial rhetoric concerns values associated with praise or blame and seeks no specific decisions. For Aristotle, the epideictic genre was of limited importance in the civic realm since it did not concern facts or policies. Perelman, in contrast, believes not only that epideictic rhetoric warrants more attention, but that the values normally limited to that genre are in fact central to all argumentation. "Epideictic oratory," Perelman argues, "has significant and important argumentation for strengthening the disposition toward action by increasing adherence to the values it lauds." These values are central to the persuasiveness of arguments in all rhetorical genres since the orator always attempts to "establish a sense of communion centered around particular values recognized by the audience."},
 author = {Chaïm Perelman and L. Olbrechts-Tyteca and John Wilkinson and Purcell Weaver},
 publisher = {University of Notre Dame Press},
 title = {The New Rhetoric: A Treatise on Argumentation},
 urldate = {2022-11-18},
 year = {1969}
}
@article{venegas2005hacia,
  title={Hacia una identificaci{\'o}n automatizada de rasgos argumentativos en corpus},
  author={Venegas, Ren{\'e}},
  journal={Discurso especializado e instituciones formadoras},
  pages={127--158},
  year={2005}
}
@article{eger2018cross,
  title   = {Cross-lingual argumentation mining: Machine translation (and a bit of projection) is all you need!},
  author  = {Eger, Steffen and Daxenberger, Johannes and Stab, Christian and Gurevych, Iryna},
  journal = {arXiv preprint arXiv:1807.08998},
  year    = {2018}
}
@article{stab2017parsing,
  title     = {Parsing argumentation structures in persuasive essays},
  author    = {Stab, Christian and Gurevych, Iryna},
  journal   = {Computational Linguistics},
  volume    = {43},
  number    = {3},
  pages     = {619--659},
  year      = {2017},
  publisher = {MIT Press One Rogers Street, Cambridge, MA 02142-1209, USA journals-info~…}
}
@article{niculae2017argument,
  title   = {Argument mining with structured SVMs and RNNs},
  author  = {Niculae, Vlad and Park, Joonsuk and Cardie, Claire},
  journal = {arXiv preprint arXiv:1704.06869},
  year    = {2017}
}
@article{goudas2015argument,
  title     = {Argument extraction from news, blogs, and the social web},
  author    = {Goudas, Theodosis and Louizos, Christos and Petasis, Georgios and Karkaletsis, Vangelis},
  journal   = {International Journal on Artificial Intelligence Tools},
  volume    = {24},
  number    = {05},
  pages     = {1540024},
  year      = {2015},
  publisher = {World Scientific}
}
@misc{knauer,
  title  = {CORESPUC: Struktur der Datenbank Corpus del Español Público en Cuba},
  url    = {https://www.researchgate.net/publication/334806795_CORESPUC_Struktur_der_Datenbank_Corpus_del_Espanol_Publico_en_Cuba},
  author = {Knauer, Gabriele}
}

@INPROCEEDINGS{Ahrenberg95,
  author =       "L. Ahrenberg and N. Dahlbäck and A. Jönsson",
  title =        "{Coding schemes for studies of natural language dialogue}",
  pages =        "8--13",
  crossref =     "ssemdig95"
}

@INPROCEEDINGS{Alexandersson95,
  author =       "J. Alexandersson and E. Maier and N. Reithinger",
  title =        "{A robust and efficient three-layered dialogue component for a speech-to-speech translation system}",
  pages =        "188--193",
  crossref =     "eacl95"
}

@BOOK{Allen95,
  author =       "J. Allen",
  title =        "{Natural Language Understanding}",
  publisher =    "The Benjamin/Cummings Publishing Company, Inc.",
  year =         "1995"
}

@ARTICLE{Allen95a,
  author =       "J. Allen and L.K. Schubert and G. Ferguson and P. Heeman and C.H. Hwang and T. Kato and M. Light and N.G: Martin and B.W. Miller and M. Poesio and D.R. Traum",
  title =        "{The TRAINS project: A case study in defining a conversational planning agent}",
  journal =      "Journal of Experimental and Theoretical AI",
  year =         "1995",
  volume =       "7",
  number =       "",
  pages =        "7-48",
  month =        "",
  note =         ""
}

@TECHREPORT{Allen97,
  author =       "J. Allen and M. Core",
  title =        "{Draft of DAMSL: Dialog Act Markup in Several Layers}",
  institution =  " The Multiparty Discourse Group. University of Rochester",
  address =      "Rochester, USA",
  month =        "October",
  year =         "1997"
}

@ARTICLE{Allen2000,
  author =       "J. Allen and D. Byron and M. Dzikovska and  G. Ferguson and L. Galescu and A. Stent",
  title =        "{An Architecture for a Generic Dialogue Shell}",
  journal =      "Natural Language Engineering",
  year =         "2000",
  volume =       "",
  number =       "",
  pages =        "",
  month =        "",
  note =         "To appear"
}

@BOOK{Asher93,
  author =       "N. Asher",
  title =        "{Reference to Abstract Objects}",
  publisher =    "Kluwer",
  address =      "Dordrecht",
  year =         "1993"
}

@ARTICLE{Aust95,
  author =       "H. Aust and M. Oerder and F. Seide and V. Steinbiss",
  title =        "{The Philips automatic train timetable information system}",
  journal =      "Speech Communication",
  year =         "1995",
  volume =       "17",
  number =       "",
  pages =        "249--262",
  month =        "",
  note =         ""
}

@INPROCEEDINGS{Azzam95,
  author =       "S. Azzam",
  title =        "{An Algorithm to Co-Ordinate Anaphora resolution and PPS Disambiguation Process.}",
  pages =        "",
  crossref =     "eacl95"
}


@INPROCEEDINGS{Azzam98,
  author =       "S. Azzam and K. Humphrey and R. Gaizauskas",
  title =        "{Evaluating a Focus-Based Approach to Anaphora Resolution}",
  pages =        "74--78",
  crossref =     "coling-acl98"
}

@INPROCEEDINGS{Baldwin97,
  author =       "B. Baldwin",
  title =        "{CogNIAC: high precision coreference with limited knowledge and linguistic resources}",
  pages =        "",
  crossref =     "aclws97"
}

@MISC{Basurde98,
  author =       "{Proyecto BASURDE}",
  title =        "{Spontaneus-Speech Dialogue System in Limited Domains}",
  howpublished = "Comisión Interministerial de Ciencia y Tecnología TIC98-423-C06",
  year =         "1998-2001",
  note =         "http://gps-tsc.upc.es/ veu/basurde/Home.htm"
}

@BOOK{Beaugrande72,
  author =       "R. Beaugrande and W.U. Dressler",
  title =        "{Einführung in die Textlinguistik}",
  series =       "",
  publisher =    "Max Niemeyer Verlag",
  address =      "Tübingen (Germany)",
  year =         "1972"
}

@BOOK{Bernardez95,
  author =       "E. Bernárdez",
  title =        "{Teoría y epistemología del texto}",
  publisher =    "Cátedra",
  address =      "Madrid",
  year =         "1995"
}

@INPROCEEDINGS{Bernsen97,
  author =       "N.O. Bernsen and L. Dybkjaer",
  title =        "{The DISC Concerted Action}",
  pages =        "35--42",
  crossref =     "salt97"
}

@BOOK{Bernsen98,
  author =       "N.O. Bernsen and H. Dybkjaer and L. Dybkjaer",
  title =        "{Designing interactive Speech Systems: From first Ideas to User Testing}",
  publisher =    "Springer",
  address =      "Berlin/New York",
  year =         "1998"
}

@INPROCEEDINGS{Bilange91,
  author =       "E. Bilange",
  title =        "{A task independent oral dialogue model}",
  pages =        "",
  crossref =     "eacl91"
}

@INPROCEEDINGS{Brennan87,
  author =       "S.E. Brennan and M.W. Friedman and C.J. Pollard",
  title =        "{A centering approach to pronouns}",
  pages =        "155--162",
  crossref =     "acl87"
}

@BOOK{Brown83,
  author =       "G. Brown and G. Yule",
  title =        "{Discourse Analysis}",
  series =       "",
  publisher =    "Cambridge University Press",
  address =      "Cambridge",
  year =         "1983"
}

@INPROCEEDINGS{Byron98,
  author =       "D.K. Byron and J.F. Allen",
  title =        "{Resolving Demostrative Anaphora in the TRAINS93 Corpus}",
  pages =        "68--81",
  crossref =     "daarc98"
}

@INPROCEEDINGS{Byron98b,
  author =       "D.K. Byron and A. Stent",
  title =        "{A Preliminary Model of Centering in Dialog}",
  pages =        "1475--1477",
  crossref =     "coling-acl98b"
}

@INPROCEEDINGS{Byron99,
  author =       "D.K. Byron",
  title =        "{Improving discourse management in TRIPS-98}",
  pages =        "",
  crossref =     "eurospeech99"
}

@INPROCEEDINGS{Carbonell88,
  author =       "J.G. Carbonell and R.D. Brown",
  title =        "{Anaphora resolution: a multi-strategy approach.}",
  pages =        "96--101",
  crossref =     "coling88"
}

@ARTICLE{Carletta96,
  author =       "J. Carletta",
  title =        "{Assessing agreement on classification task: the kappa statistic}",
  journal =      "Computational Linguistics",
  year =         "1996",
  volume =       "22",
  number =       "2",
  pages =        "249--254",
  month =        ""
}

@ARTICLE{Carletta97,
  author =       "J. Carletta and A. Isard and S. Isard and J.C. Kowtko and G. Doherty-Sneddon and A.H. Anderson",
  title =        "{The Reliability of a Dialogue Structure Coding Scheme}",
  journal =      "Computational Linguistics",
  year =         "1997",
  volume =       "23",
  number =       "1",
  pages =        "13--32",
  month =        ""
}

@INPROCEEDINGS{Carmona98,
  author =       "J. Carmona and S. Cervell and L. Màrquez and M.A. Martí and L. Padró and R. Placer nad H. Rodríguez and M. Taulé and J. Turmo",
  title =        "{An Environment for Morphosyntactic Processing of Unrestricted Spanish text}",
  pages =        "",
  crossref =     "lrec98"
}

@BOOK{Casares94,
  author =       "J. Casares",
  title =        "{Diccionario ideológico de la lengua española}",
  publisher =    "Gustavo Gili",
  address =      "Barcelona",
  year =         "1994"
}

@BOOK{Chomsky81,
  author =       "N. Chomsky",
  title =        "{Lectures on Government and Binding}",
  publisher =    "Foris Publications",
  address =      "Dordrecht",
  year =         "1981"
}


@INCOLLECTION{Clark85,
  author =       "H.H. Clark",
  editor =       "G. Lindzey and E. Aronson",
  booktitle =    "The Handbook of Social Psychology",
  title =        "Language use and language users",
  pages =        "",
  publisher =    "Erlbaum",
  year =         "1985",
  volume =       "",
  series =       "",
  address =      "",
  edition =      "3rd",
  month =        "",
  note =         ""
}


@ARTICLE{Clark89,
  author =       "H.H. Clark and E.F. Schaefer",
  title =        "{Contributing to discurse}",
  journal =      "Cognitive Science",
  year =         "1989",
  volume =       "13",
  number =       "",
  pages =        "259--294",
  month =        ""
}

@ARTICLE{Cohen84,
  author =       "P.R. Cohen",
  title =        "{The pragmatics of referring and the modality of communication}",
  journal =      "Computational Linguistics",
  year =         "1984",
  volume =       "10",
  number =       "",
  pages =        "97--146",
  month =        ""
}

@INPROCEEDINGS{Connolly94,
  author =       "D. Connolly and J. Burger and D. Day",
  title =        "{A Machine learning approach to anaphoric reference}",
  pages =        "255--261",
  crossref =     "nemlap94"
}

@BOOK{Coulthard77,
  author =       "M. Coulthard",
  title =        "{An introduction to discourse analysis}",
  publisher =    "Longman",
  address =      "London",
  year =         "1977"
}

@BOOK{Covington94,
  author =       "M.A. Covington",
  title =        "{Natural Language Processing for Prolog Programmers}",
  series =       "",
  volume =       "",
  publisher =    "Prentice-Hall",
  address =      "New Jersey",
  year =         "1994"
}

@MISC{Crater94,
  author =       "{Proyecto CRATER}",
  title =        "{Corpus Resources And Terminology ExtRaction}",
  howpublished = "MLAP-93/20",
  year =         "1994-1995",
  note =         "http://www.lllf.uam.es/ proyectos/crater.html"
}


@INPROCEEDINGS{Dagan90,
  author =       "I. Dagan and A. Itai",
  title =        "{Automatic processing of large corpora for the resolution of anaphora references}",
  pages =        "",
  crossref =     "coling90"
}

@PHDTHESIS{Dahlback91,
  author =       "N. Dahlbäck",
  title =        "{Representations of Discourse-Cognitive and Computational Aspects}",
  school =       "Department of Computer and Information Science, Linköping University, Linköping, Sweden",
  year =         "1991",
  month =        ""
}

@INCOLLECTION{Dahlback97,
  author =       "N. Dahlbäck",
  title =        "Towards a Dialogue Taxonomy",
  editor =       "Elisabeth Maier and Marion Mast and Susann LuperFoy",
  booktitle =    "Dialogue Processing in Spoken Language Systems",
  pages =        "",
  publisher =    "Springer Verlag",
  year =         "1997",
  volume =       "1236",
  series =       "Lecture Notes in Artificial Intelligence",
  address =      "",
  edition =      "",
  month =        "",
  note =         ""
}

@BOOK{Dijk77,
  author =       "T. van Dijk",
  title =        "{Text and context: explorations in the semantics and pragmatics of discourse}",
  series =       "",
  publisher =    "Longman",
  address =      "London",
  year =         "1977"
}

@BOOK{Dijk95,
  author =       "T. van Dijk",
  title =        "{Texto y contexto: semántica y pragmática del discurso}",
  series =       "",
  publisher =    "Cátedra",
  address =      "Madrid",
  year =         "1995"
}

@INPROCEEDINGS{Eckert99,
  author =       "M. Eckert and M. Strube",
  title =        "{Resolving Discourse Deitic Anaphora in Dialogues}",
  pages =        "37--44",
  crossref =     "eacl99"
}

@INPROCEEDINGS{Eckert99b,
  author =       "M. Eckert and M. Strube",
  title =        "{Dialogue Acts, Synchronising Units and Anaphora Resolution}",
  pages =        "",
  crossref =     "amstelogue99"
}

@TECHREPORT{Ersan94,
 author =        "E. Ersan and V. Akman",
 title =         "Focusing for pronoun resolution in english
 discourse",
 institution =   "Bilkent University. Department of Computer
 Engineering and Information Science",
 year =          "1994",
 number =        "BU-CEIS-94-29"
}

@INPROCEEDINGS{Ferguson98,
  author =       "G. Ferguson and J.F. Allen",
  title =        "{TRIPS: An integrated intelligent problem-solving assistant}",
  pages =        "567--573",
  crossref =     "aaai98"
}

@ARTICLE{Fernandez99,
  author =       "M.G. Fernández",
  title =        "{Delfos: Un modelo basado en unificación para la representación y el razonamiento en sistemas de gestión de diálogo}",
  journal =      "Procesamiento del Lenguaje Natural",
  year =         1999,
  volume =       "25",
  number =       "",
  pages =        "67-74",
  note =         "",
  month =        ""
}


@PHDTHESIS{Fernandez2000,
  author =       "M.G. Fernández",
  title =        "Un modelo para la especificación lingüística y la gestión computacional en diálogos hombre-máquina mediante instrucciones expresadas en lenguaje natural",
  school =       "Universidad de Sevilla",
  year =         "2000",
  address =      "Departamento de Filología Inglesa. Facultad de Filología, Sevilla",
  month =        "",
  note =         ""
}

@INPROCEEDINGS{Ferrandez97,
  author =       "A. Ferr\'{a}ndez and M. Palomar and L. Moreno",
  title =        "{Slot Unification Grammar}",
  pages =        "523--532",
  crossref =     "appia97"
}

@PHDTHESIS{Ferrandez98,
  author =       "A. Ferr\'{a}ndez",
  title =        "Aproximaci\'{o}n computacional al tratamiento de la an\'{a}fora pronominal y de tipo adjetivo mediante gram\'{a}ticas de unificaci\'{o}n de huecos",
  school =       "Universidad de Alicante",
  year =         "1998",
  address =      "Departamento de Lenguajes y Sistemas Informáticos",
  month =        "",
  note =         ""
}

@INPROCEEDINGS{Ferrandez98a,
  author =       "A. Ferr\'{a}ndez and M. Palomar and L. Moreno",
  title =        "{Anaphora resolution in unrestricted texts with partial parsing}",
  pages =        "385--391",
  crossref =     "coling-acl98c"
}

@INPROCEEDINGS{Ferrandez98b,
  author =       "A. Ferr\'{a}ndez and M. Palomar and L. Moreno",
  title =        "{A computational approach to pronominal anaphora, one-anaphora and surface count anaphora.}",
  pages =        "117--128",
  crossref =     "daarc98"
}

@ARTICLE{Ferrandez99,
  author =       "A. Ferr\'{a}ndez and M. Palomar and L. Moreno",
  title =        "{An empirical approach to Spanish anaphora resolution}",
  journal =      "Machine Traslation",
  year =         "1999",
  volume =       "14",
  number =       "2-3",
  pages =        "",
  month =        "",
  note =         ""
}

@BOOK{Fox87,
  author =       "B. Fox",
  title =        "{Discourse Structure and Anaphora. {\em Written and conversational English}}",
  series =       "Cambridge Studies in Linguistics",
  publisher =    "Cambridge University Press",
  address =      "Cambridge",
  year =         "1987"
}

@BOOK{Franchini86,
  author =       "E. Franchini",
  title =        "{Las condiciones gramaticales de la coordinación copulativa en español}",
  series =       "Romanica Helvetica",
  volume =       "102",
  publisher =    "Francke Verlag",
  address =      "Bern",
  year =         "1986"
}

@ARTICLE{Fraser91,
  author =       "N.M. Fraser and G.N. Gilbert",
  title =        "{Simulating speech systems}",
  journal =      "Computer Speech and Language",
  year =         "1991",
  volume =       "5",
  number =       "1",
  pages =        "81--99",
  month =        ""
}


@INPROCEEDINGS{Gaizauskas95,
  author =       "R. Gaizauskas and T. Wakao and K. Humphreys and H. Cunningham and Y. Wilks",
  title =        "{Description of the LaSIE system used for MUC-6}",
  pages =        "207--220",
  crossref =     "muc6"
}

@INPROCEEDINGS{Gaizauskas96,
  author =       "R. Gaizauskas and K. Humphreys",
  title =        "{Quantitative Evaluation of Coreference Algorithms in an Information Extraction System}",
  pages =        "",
  crossref =     "daarc96"
}

@BOOK{Gallardo96,
  author =       "B. Gallardo",
  title =        "{Análisis conversacional y pragmática del receptor}",
  series =       "Colección Sinapsis",
  publisher =    "Ediciones Episteme, S.L.",
  address =      "Valencia",
  year =         "1996"
}

@BOOK{Gallardo98,
  author =       "B. Gallardo",
  title =        "{Comentario de textos conversacionales}",
  series =       "",
  publisher =    "Arco Libros, S.L.",
  address =      "Madrid",
  year =         "1998"
}

@ARTICLE{Garcia83,
  author =       "A. García and T. Albaladejo",
  title =        "{Estructura composicional. Macroestructura}",
  journal =      "Estudios de Lingüística de la Universidad de Alicante",
  year =         "1983",
  volume =       "1",
  number =       "",
  pages =        "127--180",
  month =        "",
  note =         ""
}


@BOOK{Goldfarb90,
  author =       "C.F. Goldfarb",
  title =        "{The SGML Handbook}",
  series =       "",
  publisher =    "Oxford University Press",
  address =      "",
  year =         "1990"
}

@INPROCEEDINGS{Grosz77,
  author =       "B. Grosz",
  title =        "{The representation and use of focus in a system for understanding dialogs}",
  pages =        "67--76",
  crossref =     "ijcai77"
}

@INCOLLECTION{Grosz81,
  author =       "B. Grosz",
  editor =       "",
  booktitle =    "Elements of Discourse Understanding",
  title =        "Focusing and description in Natural Language Dialogues",
  pages =        "",
  publisher =    "Cambridge University Press",
  year =         "1981",
  volume =       "",
  series =       "",
  address =      "Cambridge",
  edition =      "",
  month =        "",
  note =         ""
}

@INPROCEEDINGS{Grosz83,
  author =       "B. Grosz and A. Joshi and S. Weinstein",
  title =        "{Providing a unified account of definite noun phrases in discourse}",
  pages =        "44--50",
  crossref =     "acl83"
}

@ARTICLE{Grosz86,
  author =       "B. Grosz and C. Sidner",
  title =        "{Attentions, intentions and the structure of discourse}",
  journal =      "Computational Linguistics",
  year =         "1986",
  volume =       "12",
  number =       "",
  pages =        "175--204",
  month =        "March"
}

@ARTICLE{Grosz95,
  author =       "B. Grosz and A. Joshi and S. Weinstein",
  title =        "{Centering: a framework for modeling the local coherence of discourse}",
  journal =      "Computational Linguistics",
  year =         "1995",
  volume =       "21",
  number =       "2",
  pages =        "203--225",
  month =        ""
}

@BOOK{Halliday76,
  author =       "M.A.K. Halliday and R. Hasan",
  title =        "{Cohesion in English}",
  publisher =    "Longman",
  address =      "London/New York",
  year =         "1976"
}

@ARTICLE{Hardt97,
  author =       "D. Hardt",
  title =        "{An Empirical Approach to VP Ellipsis}",
  journal =      "Computational Linguistics",
  year =         "1997",
  volume =       "23",
  number =       "4",
  pages =        "525--542",
  month =        ""
}

@BOOK{Hartmann72,
  author =       "R.R.K. Hartmann and F.C. Stork.",
  title =        "{Dictionary of language and linguistics}",
  series =       "",
  publisher =    "Applied Science Publishers",
  address =      "London",
  year =         "1972"
}

@BOOK{Hausser99,
  author =       "R. Hausser",
  title =        "{Foundations of Computational Linguistics}",
  series =       "",
  volume =       "",
  publisher =    "Springer-Verlag",
  address =      "Berlin Heidelberg New York",
  year =         "1999"
}

@INPROCEEDINGS{Hearst94,
  author =       "M.A. Hearst",
  title =        "{Multi-paragraph segmentation of expository text}",
  pages =        "9--16",
  crossref =     "acl94"
}

@BOOK{Hirst81,
  author =       "G. Hirst",
  title =        "{Anaphora in Natural Language Understanding}",
  series =       "",
  publisher =    "Springer-Verlag",
  address =      "Berlin",
  year =         "1981"
}

@ARTICLE{Hobbs78,
  author =       "J. Hobbs",
  title =        "{Resolving pronoun references}",
  journal =      "Lingua",
  year =         "1978",
  volume =       "44",
  number =       "",
  pages =        "311--338",
  month =        "",
  note =         "Reprinted in \cite{Hobbs86}"
}

@ARTICLE{Hobbs79,
  author =       "J. Hobbs",
  title =        "{Coherence and co-reference}",
  journal =      "Cognitive Science",
  year =         "1979",
  volume =       "3",
  number =       "1",
  pages =        "67--90",
  month =        ""
}

@INCOLLECTION{Hobbs86,
  author =       "J. Hobbs",
  editor =       "B.L. Webber, B. Grosz and K. Spark-Jones",
  booktitle =    "Readings in Natural Language Processing",
  title =        "Resolving pronoun references",
  pages =        "",
  publisher =    "Morgan Kaufmann",
  year =         "1986",
  volume =       "",
  series =       "",
  address =      "Palo Alto, California",
  edition =      "",
  month =        "",
  note =         ""
}


@ARTICLE{Huls95,
  author =       "C. Huls and E. Bos and W. Claasen",
  title =        "{Automatic Referent Resolution of Deitic and Anaphoric Expressions}",
  journal =      "Computational Linguistics",
  year =         "1995",
  volume =       "21",
  number =       "1",
  pages =        "60--79",
  month =        ""
}

@MISC{Item96,
  author =       "{Proyecto ITEM}",
  title =        "{Recuperación de Información Textual en un Entorno Multilíngüe con Técnicas de Lenguaje Natural}",
  howpublished = "Comisión Interministerial de Ciencia y Tecnología TIC96-1243-C03",
  year =         "1996-1999",
  note =         "http://sensei.ieec.uned.es/item"
}

@INPROCEEDINGS{Kameyama97,
  author =       "M. Kameyama",
  title =        "{Recognizing Referential Links: An Information Extraction Perspective}",
  pages =        "46-53",
  crossref =     "aclws97b",
}

@INPROCEEDINGS{Kennedy96,
  author =       "C. Kennedy and B. Boguraev",
  title =        "{Anaphora for Everyone: Pronominal Anaphora resolution without a Parser}",
  pages =        "113--118",
  crossref =     "coling96"
}

@INPROCEEDINGS{Lappin90,
  author =       "S. Lappin and M. McCord",
  title =        "{A syntactic filter on pronominal anaphora in slot grammar}",
  pages =        "135--142",
  crossref =     "acl90",
}

@ARTICLE{Lappin94,
  author =       "S. Lappin and H.J. Leass",
  title =        "{An algorithm for pronominal anaphora resolution}",
  journal =      "Computational Linguistics",
  year =         "1994",
  volume =       "20",
  number =       "4",
  pages =        "535--561",
  month =        ""
}

@BOOK{Levinson83,
  author =       "S.C. Levinson",
  title =        "{Pragmatics}",
  series =       "",
  volume =       "",
  publisher =    "Cambridge University Press",
  address =      "England",
  year =         "1983"
}

@MISC{LingGlossary97,
  author =        "{Summer Institute of Linguistics}",
  title =         "Linguistic Glossary",
  howpublished =  "http://www.sil.org/linguistics/glossary/",
  address =       "Dallas, TX",
  year =          "1997"
}

@BOOK{Lyons77,
  author =       "J. Lyons",
  title =        "{Semantics}",
  series =       "",
  volume =       "2",
  publisher =    "Cambridge University Press",
  address =      "",
  year =         "1977"
}

@INPROCEEDINGS{Manabu96,
  author =       "O. Manabu and T. Kouji",
  title =        "{Zero Pronoun Resolution in Japanese Discourse Based on Centering Theory}",
  pages =        "871--876",
  crossref =     "coling96"
}

@ARTICLE{Mann88,
  author =       "W.C. Mann and S.A. Thompson",
  title =        "{Rethorical Structure Theory: Toward a functional theory of text organization}",
  journal =      "Text",
  year =         1988,
  volume =       "8",
  number =       "3",
  pages =        "243-281",
}

@MISC{Marti98,
  author =       "M.A. Martí and H. Rodríguez and J. Serrano",
  title =        "Declaración de categorías morfosintácticas",
  year =         "1998",
  howpublished = "Proyecto ITEM. Doc. nº2",
  crossref =     "ITEM96"
}

@INPROCEEDINGS{Martinez98,
  author =       "P. Mart\'{\i}nez-Barco and J. Peral and A. Ferr\'{a}ndez and L. Moreno and M. Palomar",
  title =        "{Analizador Parcial SUPP}",
  pages =        "329--341",
  crossref =     "iberamia98"
}

@INPROCEEDINGS{Martinez99a,
  author =       "P. Mart\'{\i}nez-Barco and R. Mu\={n}oz and S. Azzam and M. Palomar and A. Ferr\'{a}ndez",
  title =        "{Evaluation of pronoun resolution algorithm for Spanish dialogues}",
  pages =        "325--332",
  crossref =     "vextal99"
}

@ARTICLE{Martinez99b,
  author =       "P. Mart\'{\i}nez-Barco",
  title =        "{Algoritmo de resolución de la anáfora pronominal en diálogos}",
  journal =      "Procesamiento del Lenguaje Natural",
  year =         1999,
  volume =       "24",
  number =       "",
  pages =        "75-82",
  note =         "",
  month =        ""
}

@INPROCEEDINGS{Martinez2000a,
  author =       "P. Mart\'{\i}nez-Barco",
  title =        "{Dialogue structure as a preference in anaphora resolution systems}",
  pages =        "37--42",
  crossref =     "acidca2000"
}

@INPROCEEDINGS{Martinez2000b,
  author =       "P. Mart\'{\i}nez-Barco and M. Palomar",
  title =        "{Dialogue structure influence over anaphora resolution}",
  pages =        "515--525",
  crossref =     "micai2000"
}

@INPROCEEDINGS{Martinez2000c,
  author =       "P. Mart\'{\i}nez-Barco and M. Palomar",
  title =        "{Empirical study of the anaphoric accessibility space in Spanish dialogues}",
  pages =        "123--128",
  crossref =     "gotalog2000"
}

@INPROCEEDINGS{Martinez2000d,
  author =       "P. Mart\'{\i}nez-Barco and M. Palomar",
  title =        "{An annotation scheme for dialogues applied to anaphora resolution algorithms}",
  pages =        "410--414",
  crossref =     "tsd2000"
}

@ARTICLE{Martinez2000e,
  author =       "P. Mart\'{\i}nez-Barco and M. Palomar",
  title =        "{Resolución de la anáfora: estructura del diálogo y conocimiento lingüístico}",
  journal =      "Procesamiento del Lenguaje Natural",
  year =         2000,
  volume =       "26",
  number =       "",
  pages =        "47--52",
  note =         "",
  month =        ""
}

@PHDTHESIS{Martinez2001,
  author =       "P. Mart\'{\i}nez-Barco",
  title =        "Resolución computacional de la anáfora en diálogos: estructura del discurso y conocimiento lingüístico",
  school =       "Universidad de Alicante",
  year =         "2001",
  address =      "Departamento de Lenguajes y Sistemas Informáticos",
  month =        "",
  note =         ""
}

@INPROCEEDINGS{McCoy99,
  author =       "K.F. McCoy and M. Strube",
  title =        "{Never Look Back: An Alternative to Centering}",
  pages =        "378--383",
  crossref =     "cogsci99"
}

@ARTICLE{Miller93,
  author =       "G. Miller and R. Beckwith and C. Fellbaum and D. Gross
and K. Miller",
  title =        "{Five Papers on WordNet}",
  journal =      "International Journal of Lexicography",
  year =         "1993",
  volume =       "3",
  number =       "",
  pages =        "",
  month =        "",
}

@INPROCEEDINGS{Mitkov95,
  author =       "R. Mitkov",
  title =        "{An uncertainty reasoning approach to anaphora resolution}",
  pages =        "",
  crossref =     "nlprs95"
}

@INPROCEEDINGS{Mitkov97,
  author =       "R. Mitkov and M. Stys",
  title =        "{Robust reference resolution with limited knowledge: high precision genre-specific approach for English and Polish}",
  pages =        "74--81",
  crossref =     "ranlp95"
}

@INPROCEEDINGS{Mitkov98,
  author =       "R. Mitkov",
  title =        "{Robust pronoun resolution with limited knowledge}",
  pages =        "",
  crossref =     "coling-acl98d"
}

@INCOLLECTION{Moreno92,
  author =       "L. Moreno and M. Palomar",
  editor =       "A. Mintjoa and I. Ramos",
  booktitle =    "Database and Expert Systems Applications",
  title =        "{Semantic Restrictions in a Syntactic Parser: Queries-Answering to Database}",
  pages =        "115--160",
  series =       "",
  volume =       "",
  publisher =    "Springer-Verlag",
  address =      "Berlin",
  year =         "1992"
}

@BOOK{Moreno99,
  author =       "L. Moreno and M. Palomar and A. Molina and A. Ferrández",
  title =        "{Introducción al procesamiento del lenguaje natural}",
  series =       "",
  volume =       "",
  publisher =    "Universidad de Alicante",
  address =      "Alicante",
  year =         "1999"
}


@INPROCEEDINGS{Morton99,
  author =       "T. S. Morton",
  title =        "{Using Coreference for Question Answering}",
  pages =        "85--89",
  crossref =     "aclws99"
}

@ARTICLE{Morris91,
  author =       "J. Morris and G. Hirst",
  title =        "{Lexical cohesion computed by thesaural relations as an indicator of the structure of text}",
  journal =      "Computational Linguistics",
  year =         1991,
  volume =       "17",
  number =       "1",
  pages =        "21--42",
  month =        ""
}

@ARTICLE{Munoz98,
  author =       "R. Mu\={n}oz and A. Montoyo and F. Llopis and A.
Su\'{a}rez",
  title =        "{Reconocimiento de entidades en el sistema EXIT}",
  journal =      "Procesamiento del Lenguaje Natural",
  year =         "1998",
  volume =       "23",
  number =       "",
  pages =        "47--53",
  month =        "",
}

@ARTICLE{Munoz99,
  author =       "R. Muñoz and P. Martínez-Barco and A.
Ferrández",
  title =        "{Método para la resolución de correferencias de sintagmas nominales definidos incluyendo alias y acrónimos en el sistema de extracción de información EXIT.}",
  journal =      "Procesamiento del Lenguaje Natural",
  year =         "1999",
  volume =       "25",
  number =       "",
  pages =        "143--149",
  month =        "",
}

@INPROCEEDINGS{Munoz2000,
  author =       "R. Muñoz and M. Palomar and A. Ferrández",
  title =        "{Processing of Spanish Definite Descriptions}",
  pages =        "526--537",
  crossref =     "micai2000b"
}

@MISC{Navarro2001,
  author =       "F.B. Navarro",
  title =        "{Introducción a la Textología Semiótica. Bases teóricas para la consideración multimedial del texto}",
  howpublished = "Universidad de Alicante",
  year =         "2001",
  month =        "",
  note =         "Memoria de Licenciatura inédita"
}

@INCOLLECTION{Owen81,
  author =       "M. Owen",
  editor =       "P.Werth",
  booktitle =    "Conversation and Discurse",
  title =        "Conversational Units and the use of 'well...'",
  pages =        "99--116",
  publisher =    " St Martin's Press",
  year =         "1981",
  volume =       "",
  series =       "",
  address =      "New York",
  edition =      "",
  month =        "",
  note =         ""
}

@INPROCEEDINGS{Palomar99,
  author =       "M. Palomar and A. Ferr\'{a}ndez and L. Moreno and M. Saiz-Noeda and R. Mu\={n}oz and P. Mart\'{\i}nez-Barco and J. Peral and B. Navarro",
  title =        "{A Robust Partial Parsing Strategy based on the Slot Unification Grammars}",
  pages =        "263--272",
  crossref =     "taln99",
}
@INPROCEEDINGS{Palomar2000,
  author =       "M. Palomar and P. Mart\'{\i}nez-Barco",
  title =        "{Anaphora Resolution through Dialogue Adjacency Pairs and Topics}",
  pages =        "196--203",
  crossref =     "nlp2000"
}

@INPROCEEDINGS{Palomar2000a,
  author =       "M. Palomar and M. Saiz-Noeda and R. Mu\={n}oz and A. Su\'{a}rez and P. Mart\'{\i}nez-Barco",
  title =        "{PHORA: A system to solve the Anaphora in Spanish}",
  pages =        "206--211",
  crossref =     "daarc2000"
}


@INPROCEEDINGS{Palomar2001,
  author =       "M. Palomar and M. Saiz-Noeda and R. Mu\={n}oz and A. Su\'{a}rez and P. Mart\'{\i}nez-Barco and A. Montoyo",
  title =        "{PHORA: A NLP aystem for Spanish}",
  pages =        "128--139",
  crossref =     "cicling2001"
}

@ARTICLE{Palomar2001b,
  author =       "M. Palomar and P. Mart\'{\i}nez-Barco",
  title =        "{Computational approach to anaphora resolution in
Spanish dialogues}",
  journal =      "Journal of Research in Artificial Intelligence",
  year =         2001,
  volume =       "",
  number =       "",
  pages =        "",
  note =         "Accepted to be published",
  month =        ""
}

@INPROCEEDINGS{Paul99,
  author =       "M. Paul and K. Yamamoto and E. Sumita",
  title =        "{Corpus-Based Anaphora Resolution towards Antecedent Preference}",
  pages =        "47--52",
  crossref =     "aclws99b"
}

@ARTICLE{Petofi90,
  author  =      "J.S. Petöfi",
  title =        "La lingua come mezzo di comunicaziones scrita: il testo",
  journal =      "Sistemi segnici e loro uso nella comunicaziones umana",
  pages =        {66--107},
  year =         {1990},
  volume =       "3",
}

@INPROCEEDINGS{Peral99,
  author =       "J. Peral and M. Palomar and A. Ferrández",
  title =        "{Coreference-oriented Interlingual Slot Structure and Machine Translation}",
  pages =        "69--76",
  crossref =     "aclws99c"
}

@INPROCEEDINGS{Peral99a,
  author =       "J. Peral and P. Mart\'{\i}nez-Barco and R. Mu\={n}oz and A. Ferr\'andez and L. Moreno and M. Palomar",
  title =        "{Una técnica de análisis parcial sobre textos no restringidos (SUPP) aplicada a un Sistema de Extracción de Información (EXIT)}",
  pages =        "662--669",
  crossref =     "sics99",
}

@ARTICLE{Pereira80,
  author =       "F. Pereira and D. Warren",
  title =        "{Definite Clause Grammars for Language Analysis - A survey of the Formalism and a comparison with augmented transition networks}",
  journal =      "Artificial Intelligence",
  year =         "1980",
  volume =       "13",
  number =       "",
  pages =        "",
  month =        "",
}

@BOOK{Perez98,
  author =       "M. Pérez",
  title =        "{Rutinas de la escritura. Un estudio perceptivo de la unidad párrafo}",
  series =       "LynX",
  volume =       "",
  publisher =    "Universidad de Valencia/University of Minnesota",
  address =      "Valencia",
  year =         "1998"
}


@INPROCEEDINGS{Pla98,
  author =       "F. Pla and N. Prieto",
  title =        "{Using grammatical inference methods for automatic part-of-speech tagging}",
  pages =        "",
  crossref =     "lrec98"
}


@INPROCEEDINGS{Pla99,
  author =       "F. Pla and A. Molina",
  title =        "{Etiquetador Léxico basado en Modelos ECGI Extendidos y su aplicación al Corpus BDGEO}",
  pages =        "36--43",
  crossref =     "caepia99"
}

@TECHREPORT{Pla99b,
 author =        "F. Pla",
 title =         "Aproximación probabilística al etiquetado automático léxico de textos",
 institution =   "Departament de Sistemes Informàtics i Computació. Universitat Politècnica de València",
 year =          "1999",
 number =        "DSIC-II/14/99"
}

@INPROCEEDINGS{Pla2000,
  author =       "F. Pla and A. Molina and N. Prieto",
  title =        "{Tagging and Chunking with Bigrams}",
  pages =        "",
  crossref =     "coling2000"
}

@INCOLLECTION{Polanyi85,
  author =       "L. Polanyi",
  editor =       "Van Dijk",
  booktitle =    "Handbook of Discurse Analysis",
  title =        "Conversational storytelling",
  pages =        "183--202",
  publisher =    "Academic Press",
  year =         "1985",
  volume =       "3",
  series =       "",
  address =      "London",
  edition =      "",
  month =        "",
  note =         ""
}

@INPROCEEDINGS{Quesada2000,
  author =       "J.F. Quesada and J.G. Amores and M.G. Fernández and J.A. Bernal and M.T. López",
  title =        "{Design Constraints and Representation for Dialogue Management in the Automatic Telephone Operator Scenario}",
  pages =        "137--141",
  crossref =     "gotalog2000b"
}

@BOOK{Reinhart83,
  author =       "T. Reinhart",
  title =        "{Anaphora and Semantic Interpretation}",
  series =       "",
  publisher =    "Croom Helm",
  address =      "London and Sydney",
  edition =      "",
  year =         "1983"
}

@INPROCEEDINGS{Reynar94,
  author =       "Jeffrey C. Reynar",
  title =        "{An automatic method of finding topic boundaries}",
  pages =        "331--333",
  crossref =     "acl94b"
}

@INPROCEEDINGS{Reynar99,
  author =       "Jeffrey C. Reynar",
  title =        "{Statistical Models for Topic Segmentation}",
  pages =        "357--364",
  crossref =     "acl99"
}

@INPROCEEDINGS{Rich88,
  author =       "E. Rich and S. LuperFoy",
  title =        "{An architecture for anaphora resolution}",
  pages =        "18--24",
  crossref =     "anlp88"
}

@INPROCEEDINGS{Richmond97,
  author =       "K. Richmond and A. Smith and E. Amitay",
  title =        "{Detecting subject boundaries within text: A language independient statistical approach}",
  pages =        "47--54",
  crossref =     "emnlp97"
}

@PHDTHESIS{Rocha98,
  author =       "M. Rocha",
  title =        "A corpus-based study of anaphora in dialogues in English and Portuguese",
  school =       "University of Sussex",
  year =         "1998",
  address =      "Sussex. UK",
  month =        "",
  note =         ""
}

@INPROCEEDINGS{Rocha99,
  author =       "M. Rocha",
  title =        "{Coreference resolution in dialogues in English and Portuguese}",
  pages =        "53--60",
  crossref =     "aclws99d"
}

@ARTICLE{Sacks74,
  author =       "H. Sacks and E. Schegloff and G. Jefferson",
  title =        "{A simplest systematics for the organization of turn taking for conversation}",
  journal =      "Language",
  year =         "1974",
  volume =       "50",
  number =       "4",
  pages =        "696--735",
  month =        ""
}

@INPROCEEDINGS{Saiz2000,
  author =       "M. Saiz-Noeda and M. Palomar",
  title =        "{Semantic Knowledge-driven Method to Solve Pronominal Anaphora in Spanish}",
  pages =        "204--211",
  crossref =     "nlp2000b",
  note=          ""
}


@INPROCEEDINGS{Saquete2000,
  author =       "E. Saquete and P. Martínez-Barco",
  title =        "{Especificación de una gramática para la Resolución de Referencias Temporales}",
  note =         "To appear",
  crossref =     "APPIA2000"
}

@INPROCEEDINGS{Saquete2000a,
  author =       "E. Saquete and P. Martínez-Barco",
  title =        "{Grammar Specification for the Recognition of Temporal Expressions}",
  pages =        "21.1--21.7",
  crossref =     "MT2000"
}

@INCOLLECTION{Sidner83,
  author =       "C. Sidner",
  editor =       "Brady and Berwick",
  booktitle =    "Computational Models of Discourse",
  title =        "Focusing in the comprehension of definite anaphora",
  pages =        "",
  publisher =    "MIT Press",
  year =         "1983",
  volume =       "",
  series =       "",
  address =      "",
  edition =      "",
  month =        "",
  note =         ""
}

@BOOK{Siegel88,
  author =       "S. Siegel and J. Castellan",
  title =        "{Nonparametric Statistics for the Behavioral Sciences}",
  series =       "",
  publisher =    "McGraw-Hill",
  address =      "",
  edition =      "2nd",
  year =         "1988"
}

@INCOLLECTION{Sinclair93,
  author =       "J. Sinclair",
  editor =       "J. Sinclair and M. Hoey and G. Fox",
  booktitle =    "Techniques of description: spoken and written discourse: a Festschrift for Malcolm Coulthard",
  title =        "Written discourse structure",
  pages =        "",
  publisher =    "Routledge",
  year =         "1993",
  volume =       "",
  series =       "",
  address =      "London",
  edition =      "",
  month =        "",
  note =         ""
}


@ARTICLE{Sparck93,
  author =       "K. Sparck-Jones",
  title =        "{What may be a summary?}",
  journal =      "Information Retrieval",
  year =         "1993",
  volume =       "93: Von der Modellierung zur Anwendung",
  number =       "",
  editor =       "Knorz and Krause and Womser-Hacker",
  address =      "Universitatsverlag Konstanz",
  pages =        "9--26",
  month =        ""
}

@ARTICLE{Strik96,
  author =       "H. Strik and A. Russel and H. van den Heuvel and C. Cucchiarini and L. Boves",
  title =        "{A spoken dialogue system for train timetable information}",
  journal =      "Proceedings of the Department of Language and Speech",
  year =         "1997",
  volume =       "19",
  pages =        "129--142",
  address =      "Nijmegen, The Netherlands",
  editor =       "H. Strik and N. Oostdijk and C. Cucchiarini and P.A. Coppen"
}

@TECHREPORT{Strik97,
  author =       "H. Strik and A. Russel and H. van den Heuvel and C. Cucchiarini and L. Boves",
  title =        "{Localizing a spoken dialogue system for train timetable information}",
  institution =  "COST Action 249: Continuous Speech Recognition Over the Telephone",
  address =      "Rome, Italy",
  month =        "February",
  year =         "1997"
}

@INPROCEEDINGS{Strube98,
  author =       "M. Strube",
  title =        "{Never Look Back: An Alternative to Centering}",
  pages =        "1251--1257",
  crossref =     "coling-acl98e"
}

@ARTICLE{Strube99,
  author =       "M. Strube and U. Hahn",
  title =        "{Functional Centering - Grounding Referential Coherence in Information Structure}",
  journal =      "Computational Linguistics",
  year =         "1999",
  volume =       "25",
  number =       "5",
  pages =        "309--344",
  month =        ""
}


@BOOK{Stubbs83,
  author =       "M. Stubbs",
  title =        "{Discourse Analysis}",
  series =       "",
  publisher =    "Blackwell",
  address =      "Oxford",
  year =         "1983"
}


@INPROCEEDINGS{Tetreault99,
  author =       "J.R. Tetreault",
  title =        "{Analysis of Syntax-Based Pronoun Resolution Methods}",
  pages =        "602--605",
  crossref =     "acl99"
}

@INPROCEEDINGS{Vossen97,
  author =       "P. Vossen and P. Diez-Orzas and W. Peters",
  title =        "{The Multilingual Design of EuroWordNet}",
  pages =        "",
  crossref =     "aclws297"
}

@INCOLLECTION{Walker97,
  author =       "M.A. Walker",
  editor =       "M.A. Walker and A.K. Joshi and E.F. Prince",
  booktitle =    "Centering In Discourse",
  title =        "Centering, Anaphora Resolution, and Discourse Structure",
  pages =        "",
  publisher =    "Oxford University Press",
  year =         "1997",
  volume =       "",
  series =       "",
  address =      "",
  edition =      "",
  month =        "",
  note =         ""
}

@ARTICLE{Weizenbaum66,
  author =       "J. Weizenbaum",
  title =        "{ELIZA: a computer program for the study of natural language communication between man and machine}",
  journal =      "Communications of the ACM",
  year =         "1966",
  volume =       "9",
  number =       "",
  pages =        "36--45",
  month =        ""
}

@BOOK{Winograd72,
  author =       "T. Winograd",
  title =        "{Understanding Natural Language}",
  series =       "",
  volume =       "",
  publisher =    "Academic Press",
  address =      "New York",
  year =         "1972"
}

@INCOLLECTION{Winograd86,
  author =       "T. Winograd",
  editor =       "B. J. Grosz, K. Sparck-Jones, B. L. Webber",
  booktitle =    "Readings in Natural Language",
  title =        "A procedural model of language understanding",
  pages =        "",
  publisher =    "Morgan Kaufman",
  year =         "1986",
  volume =       "",
  series =       "",
  address =      "Los Altos, California",
  edition =      "",
  month =        "",
  note =         ""
}

@INCOLLECTION{Woods77,
  author =       "W. Wo\-ods",
  editor =       "A. Zampolli",
  booktitle =    "Linguistics Structures Processing",
  title =        "Lunar rocks in natural English: Explorations in natural language question answering",
  pages =        "",
  publisher =    "Elsevier",
  year =         "1977",
  volume =       "",
  series =       "",
  address =      "New York",
  edition =      "",
  month =        "",
  note =         ""
}


@INPROCEEDINGS{Yamamoto98,
  author =       "K. Yamamoto and E. Sumita",
  title =        "{Feasibility Study for Ellipsis Resolution in dialogues by Machine-Learning Technique}",
  pages =        "385--391",
  crossref =     "coling-acl98f"
}

@ARTICLE{Youmans91,
  author =       "G. Youmans",
  title =        "{A new tool for discourse analysis: The vocabulary management profile}",
  journal =      "Language",
  year =         "1991",
  volume =       "67",
  number =       "4",
  pages =        "763--789",
  month =        ""
}

@TECHREPORT{Zaenen2000,
 author =        "A. Zaenen and S. Ericsson and S. Larsson and A. Mikheev and D. Milward and M. Pinkal and M. Poessio and C.J. Rupp and K. Worm",
 title =         "Robust interpretation and dialogue dynamics",
 institution =   "TRINDI. Task Oriented Instructional Dialogue. Deliberable D5.2",
 year =          "2000",
 number =        "LE4-8314"
}

@PROCEEDINGS{aaai98,
  title =        "{Fifteenth National Conference on AI (AAAI'98)}",
  booktitle =    "Proceedings of the Fifteenth National Conference on AI (AAAI'98)",
  address =      "",
  editor =       "",
  month =        "",
  year =         1998
}


@PROCEEDINGS{acidca2000,
  title =        "{International Conference on Artificial and Computational Intelligence For Decision, Control and Automation In
                            Engineering and Industrial Applications (ACIDCA'2000)}",
  booktitle =    "Proceedings of International Conference on Artificial and Computational Intelligence For Decision, Control and Automation In
                            Engineering and Industrial Applications (ACIDCA'2000)",
  address =      "Monastir, Tunisia",
  editor =       "",
  year =         2000
}

@PROCEEDINGS{acl83,
  title =        "{21st Annual Meeting of the Association for Computational
Linguistics}",
  booktitle =    "{Proceedings of the 21st Annual Meeting of the Association for Computational
Linguistics}",
  address =      "Cambridge, Massachusetts",
  editor =       "",
  month =        "",
  year =         "1983"
}

@PROCEEDINGS{acl87,
  title =        "{25th Annual Meeting of the Association for Computational
Linguistics}",
  booktitle =    "{Proceedings of the 25st Annual Meeting of the Association for Computational
Linguistics}",
  address =      "Stanford, Cal.",
  editor =       "",
  month =        "July",
  year =         "1987"
}

@PROCEEDINGS{acl90,
  title =        "{28th Annual Meeting of the Association for Computational Linguistics}",
  booktitle =    "{Proceedings of 28th Annual Meeting of the Association for Computational Linguistics}",
  address =      "Pittsburgh, PA",
  editor =       "",
  month =        "",
  year =         "1990"
}

@PROCEEDINGS{acl94,
  title =        "{32nd Annual Meeting of the Association for Computational Linguistics}",
  booktitle =    "{Proceedings of 32nd Annual Meeting of the Association for Computational Linguistics}",
  address =      "Las Cruces, New Mexico",
  editor =       "",
  month =        "",
  year =         "1994"
}

@PROCEEDINGS{acl94b,
  title =        "{32nd Annual Meeting of the Association for Computational Linguistics}",
  booktitle =    "{Proceedings of 32nd Annual Meeting of the Association for Computational Linguistics}",
  address =      "Las Cruces, New Mexico",
  editor =       "",
  month =        "",
  year =         "1994"
}


@PROCEEDINGS{aclws97,
  title =        "{ACL/EACL workshop on Operational factors in practical, robust anaphora resolution}",
  booktitle =    "Proceedings of ACL/EACL workshop on Operational factors in practical, robust anaphora resolution",
  address =      "Madrid (Spain)",
  editor =       "",
  year =         "1997"
}

@PROCEEDINGS{aclws97b,
  title =        "{ACL/EACL workshop on Operational factors in practical, robust anaphora resolution}",
  booktitle =    "Proceedings of ACL/EACL workshop on Operational factors in practical, robust anaphora resolution",
  address =      "Madrid (Spain)",
  editor =       "",
  year =         "1997"
}


@PROCEEDINGS{aclws297,
  title =        "{ACL/EACL workshop on Automatic Information Extraction and Building of Lexical Semantic Resources of Lexical Semantic Resources for NLP Applications}",
  booktitle =    "Proceedings of ACL/EACL workshop on Automatic Information Extraction and Building of Lexical Semantic Resources of Lexical Semantic Resources for NLP Applications",
  address =      "Madrid (Spain)",
  editor =       "P. Vossen and N. Calzolari and G. Adriaens and A. Sanfilippo and Y. Wilks",
  year =         "1997"
}


@PROCEEDINGS{acl99,
  title =        "{37th Annual Meeting of the Association for Computational Linguistics}",
  booktitle =    "{Proceedings of 37th Annual Meeting of the Association for Computational Linguistics}",
  address =      "Maryland, USA",
  editor =       "",
  year =         "1999"
}

@PROCEEDINGS{aclws99,
  title =        "{ACL workshop Coreference and its Applications}",
  booktitle =    "Proceedings of ACL workshop Coreference and its Applications",
  address =      "Maryland (USA)",
  editor =       "",
  year =         "1999"
}

@PROCEEDINGS{aclws99b,
  title =        "{ACL workshop Coreference and its Applications}",
  booktitle =    "Proceedings of ACL workshop Coreference and its Applications",
  address =      "Maryland (USA)",
  editor =       "",
  year =         "1999"
}

@PROCEEDINGS{aclws99c,
  title =        "{ACL workshop Coreference and its Applications}",
  booktitle =    "Proceedings of ACL workshop Coreference and its Applications",
  address =      "Maryland (USA)",
  editor =       "",
  year =         "1999"
}

@PROCEEDINGS{aclws99d,
  title =        "{ACL workshop Coreference and its Applications}",
  booktitle =    "Proceedings of ACL workshop Coreference and its Applications",
  address =      "Maryland (USA)",
  editor =       "",
  year =         "1999"
}

@PROCEEDINGS{amstelogue99,
  title =        "{Amsterdam Workshop on the Semantics and Pragmatics of Dialogue (AMSTELOGUE'99)}",
  booktitle =    "Proceedings of Amsterdam Workshop on the Semantics and Pragmatics of Dialogue (AMSTELOGUE'99)",
  address =      "University of Amsterdam, Holland",
  editor =       "",
  year =         1999
}

@PROCEEDINGS{anlp88,
  title =        "{Second Conference on Applied Natural Language Processing (ANLP'88)}",
  booktitle =    "Proceedings of the Second Conference on Applied Natural Language Processing (ANLP'88)",
  address =      "Austin, Texas",
  editor =       "",
  year =         1988
}


@PROCEEDINGS{appia97,
  title =        "{Joint Conference on Declarative Programming. APPIA-GULP-PRODE}",
  booktitle =    "Proceedings of the Joint Conference on Declarative Programming. APPIA-GULP-PRODE",
  address =      "Grado, Italy",
  editor =       "",
  month =        "",
  year =         1997
}

@PROCEEDINGS{appia2000,
  title =        "{Joint Conference on Declarative Programming. APPIA-GULP-PRODE}",
  booktitle =    "Proceedings of the Joint Conference on Declarative Programming. APPIA-GULP-PRODE",
  address =      "La Habana, Cuba",
  editor =       "",
  year =         2000
}

@PROCEEDINGS{caepia99,
  title =        "{Conferencia de la Asociación Española para la Inteligencia Artificial CAEPIA-TTIA'99}",
  booktitle =    "Actas de la Conferencia de la Asociación Española para la Inteligencia Artificial CAEPIA-TTIA'99",
  address =      "Murcia, España",
  editor =       "",
  month =        "",
  year =         1999
}

@PROCEEDINGS{cicling2001,
  title =        "{2nd International conference on Intelligent Text Processing and Computational
Linguistics (CICLing-2001)}",
  booktitle =    "Proc. of 2nd International
conference on Intelligent Text Processing and Computational
Linguistics (CICLing-2001)",
  address =      "Mexico City",
  editor =       "Alexander Gelbukh",
  publisher =    "Springer-Verlag",
  series=        "Lecture Notes in Artificial Intelligence",
  month =        "",
  year =         2001,
  note =         ""
}


@PROCEEDINGS{coling88,
  title =        "{12th International Conference on Computational Linguistics
(COLING'88)}",
  booktitle =    "Proceedings of 12th International Conference on Computational Linguistics (COLING'88)",
  address =      "Budapest",
  editor =       "",
  month =        "",
  year =         1988
}

@PROCEEDINGS{coling90,
  title =        "{13th International Conference on Computational Linguistics
(COLING'90)}",
  booktitle =    "Proceedings of 13th International Conference on Computational Linguistics (COLING'90)",
  address =      "",
  editor =       "",
  month =        "",
  year =         1990
}

@PROCEEDINGS{coling96,
  title =        "{16th International Conference on Computational Linguistics
(COLING'96)}",
  booktitle =    "Proceedings of 16th International Conference on Computational Linguistics (COLING'96)",
  address =      "Copenhagen, Denmark",
  editor =       "",
  month =        "",
  year =         1996
}

@PROCEEDINGS{coling-acl98,
  title =        "{36th Annual Meeting of the Association for Computational
  Linguistics and 17th International Conference on Computational Linguistics (COLING-ACL'98)}",
  booktitle =    "Proceedings of the 36th Annual Meeting of the Association for Computational
  Linguistics and 17th International Conference on Computational Linguistics (COLING-ACL'98)",
  address =      "Montreal (Canada)",
  editor =       "",
  year =         1998
}

@PROCEEDINGS{coling-acl98b,
  title =        "{36th Annual Meeting of the Association for Computational
  Linguistics and 17th International Conference on Computational Linguistics (COLING-ACL'98)}",
  booktitle =    "Proceedings of the 36th Annual Meeting of the Association for Computational
  Linguistics and 17th International Conference on Computational Linguistics (COLING-ACL'98)",
  address =      "Montreal (Canada)",
  editor =       "",
  year =         1998
}

@PROCEEDINGS{coling-acl98c,
  title =        "{36th Annual Meeting of the Association for Computational
  Linguistics and 17th International Conference on Computational Linguistics (COLING-ACL'98)}",
  booktitle =    "Proceedings of the 36th Annual Meeting of the Association for Computational
  Linguistics and 17th International Conference on Computational Linguistics (COLING-ACL'98)",
  address =      "Montreal (Canada)",
  editor =       "",
  year =         1998
}

@PROCEEDINGS{coling-acl98d,
  title =        "{36th Annual Meeting of the Association for Computational
  Linguistics and 17th International Conference on Computational Linguistics (COLING-ACL'98)}",
  booktitle =    "Proceedings of the 36th Annual Meeting of the Association for Computational
  Linguistics and 17th International Conference on Computational Linguistics (COLING-ACL'98)",
  address =      "Montreal (Canada)",
  editor =       "",
  year =         1998
}

@PROCEEDINGS{coling-acl98e,
  title =        "{36th Annual Meeting of the Association for Computational
  Linguistics and 17th International Conference on Computational Linguistics (COLING-ACL'98)}",
  booktitle =    "Proceedings of the 36th Annual Meeting of the Association for Computational
  Linguistics and 17th International Conference on Computational Linguistics (COLING-ACL'98)",
  address =      "Montreal (Canada)",
  editor =       "",
  year =         1998
}

@PROCEEDINGS{coling-acl98f,
  title =        "{36th Annual Meeting of the Association for Computational
  Linguistics and 17th International Conference on Computational Linguistics (COLING-ACL'98)}",
  booktitle =    "Proceedings of the 36th Annual Meeting of the Association for Computational
  Linguistics and 17th International Conference on Computational Linguistics (COLING-ACL'98)",
  address =      "Montreal (Canada)",
  editor =       "",
  year =         1998
}

@PROCEEDINGS{coling2000,
  title =        "{18th International Conference on Computational Linguistics
(COLING2000)}",
  booktitle =    "Proceedings of 18th International Conference on Computational Linguistics (COLING'2000)",
  address =      "Saarbrücken, Germany",
  editor =       "",
  month =        "",
  year =         2000
}

@PROCEEDINGS{cogsci99,
  title =        "{21st Annual Conference of the Cognitive Science Society (COGSCI99)}",
  booktitle =    "Proceedings of the 21st Annual Conference of the Cognitive Science Society (COGSCI99)",
  address =      "Vancouver (Canada)",
  editor =       "",
  year =         1999
}

@PROCEEDINGS{daarc96,
  title =        "{Discurse Anaphora and Anaphor Resolution Colloquium (DAARC)}",
  booktitle =    "Proceedings of the Discurse Anaphora and Anaphor Resolution Colloquium (DAARC)",
  address =      "Lancaster",
  editor =       "Simon Botley and Tony McEnery",
  month =        "",
  year =         1996
}

@PROCEEDINGS{daarc98,
  title =        "{Second Colloquium on Discurse Anaphora and Anaphor Resolution (DAARC2)}",
  booktitle =    "Proceedings of Second Colloquium on Discurse Anaphora and Anaphor Resolution (DAARC2)",
  address =      "Lancaster",
  editor =       "Simon Botley and Tony McEnery",
  month =        "",
  year =         1998
}

@PROCEEDINGS{daarc2000,
  title =        "{Third International Conference on Discurse Anaphora and Anaphor Resolution (DAARC'2000)}",
  booktitle =    "Proceedings of Third International Conference on Discurse Anaphora and Anaphor Resolution (DAARC'2000)",
  address =      "Lancaster",
  editor =       "",
  year =         2000,
  note =         ""
}


@PROCEEDINGS{eacl91,
  title =        "{Fifth Conference of the European Chapter of the Association for Computational Linguistics (EACL'91)}",
  booktitle =    "Proceedings of Fifth Conference of the European Chapter of the Association for Computational Linguistics (EACL'91)",
  address =      "",
  editor =       "",
  month =        "",
  year =         1991
}

@PROCEEDINGS{eacl95,
  title =        "{7th Conference of the European Chapter of the Association for Computational Linguistics (EACL'95)}",
  booktitle =    "Proceedings of 7th Conference of the European Chapter of the Association for Computational Linguistics (EACL'95)",
  address =      "Dublin, Eire",
  editor =       "",
  month =        "",
  year =         1995
}

@PROCEEDINGS{eacl99,
  title =        "{9th Conference of the European Chapter of the Association for Computational Linguistics (EACL'99)}",
  booktitle =    "Proceedings of 9th Conference of the European Chapter of the Association for Computational Linguistics (EACL'99)",
  address =      "Bergen, Norway",
  editor =       "",
  month =        "",
  year =         1999
}

@PROCEEDINGS{emnlp97,
  title =        "{Exploratory Methods in Natural Language Processing}",
  booktitle =    "Exploratory Methods in Natural Language Processing",
  address =      "Providence, Rhode Island",
  editor =       "",
  month =        "",
  year =         1997
}

@PROCEEDINGS{eurospeech99,
  title =        "{6th European Conference on Speech Communication and Technology (EUROSPEECH'99)}",
  booktitle =    "Proceedings of the 6th European Conference on Speech Communication and Technology (EUROSPEECH'99)",
  address =      "Budapest, Hungary",
  editor =       "",
  month =        "",
  year =         1999
}

@PROCEEDINGS{gotalog2000,
  title =        "{Fourth Workshop on the Semantics and Pragmatics of Dialogue (GÖTALOG'2000)}",
  booktitle =    "Proceedings of the Fourth Workshop on the Semantics and Pragmatics of Dialogue (GÖTALOG'2000)",
  address =      "Göteborg, Sweden",
  editor =       "",
  year =         2000
}

@PROCEEDINGS{gotalog2000b,
  title =        "{Fourth Workshop on the Semantics and Pragmatics of Dialogue (GÖTALOG'2000)}",
  booktitle =    "Proceedings of the Fourth Workshop on the Semantics and Pragmatics of Dialogue (GÖTALOG'2000)",
  address =      "Göteborg, Sweden",
  editor =       "",
  year =         2000
}

@PROCEEDINGS{iberamia98,
  title =        "{6th Iberoamerican Conference on Artificial Intelligence (IBERAMIA'98)}",
  booktitle =    "Progresso em Inteligência Artificial",
  address =      "Lisbon, Portugal",
  editor =       "Helder Coelho",
  year =         1998
}

@PROCEEDINGS{ijcai77,
  title =        "{Fifth International Joint Conference on Artificial Intelligence (IJCAI'77)}",
  booktitle =    "Proceedings of Fifth International Joint Conference on Artificial Intelligence (IJCAI'77)",
  address =      "Cambridge, MA.",
  editor =       "",
  month =        "",
  year =         1977
}

@PROCEEDINGS{lrec98,
  title =        "{First International Conference on Language Resources and Evaluation (LREC'98)}",
  booktitle =    "Proceedings of First International Conference on Language Resources and Evaluation (LREC'98)",
  address =      "Granada, Spain",
  editor =       "",
  year =         1998
}

@PROCEEDINGS{micai2000,
  title =        "{Mexican International Conference on Artificial Intelligence (MICAI'2000)}",
  booktitle =    "MICAI 2000: Advances in Artificial Intelligence",
  address =      "Acapulco, México",
  editor =       "O. Cairo and L.E. Sucar and F.J. Cantu",
  publisher =    "Springer-Verlag",
  series =       "Lecture Notes in Artificial Intelligence",
  volume =       1793,
  year =         2000
}

@PROCEEDINGS{micai2000b,
  title =        "{Mexican International Conference on Artificial Intelligence (MICAI'2000)}",
  booktitle =    "MICAI 2000: Advances in Artificial Intelligence",
  address =      "Acapulco, México",
  editor =       "O. Cairo and L.E. Sucar and F.J. Cantu",
  publisher =    "Springer-Verlag",
  series =       "Lecture Notes in Artificial Intelligence",
  volume =       1793,
  year =         2000
}

@PROCEEDINGS{mt2000,
  title =        "{Machine Translation and multilingual applications in the new millennium, MT2000}",
  booktitle =    "Proceedings of the Machine Translation and multilingual applications in the new millennium, MT2000",
  volume =       "",
  address =      "Exeter, UK",
  editor =       "",
  publisher =    "",
  series=        "",
  year =         2000,
  note =         ""
}

@PROCEEDINGS{muc6,
  title =        "{Sixth Message Understanding Conference (MUC-6)}",
  booktitle =    "Proceedings of Sixth Message Understanding Conference (MUC-6)",
  address =      "",
  editor =       "",
  publiser =     "Morgan Kaufmann",
  month =        "",
  year =         1995
}


@PROCEEDINGS{nlp2000,
  title =        "{Second Natural Language Processing Conference (NLP'2000)}",
  booktitle =    "Natural Language Processing - NLP 2000",
  volume =       "1835",
  address =      "Patras, Grece",
  editor =       "D.N. Christodoulakis",
  publisher =    "Springer-Verlag",
  series=        "Lecture Notes in Artificial Intelligence",
  year =         2000
}

@PROCEEDINGS{nlp2000b,
  title =        "{Second Natural Language Processing Conference (NLP'2000)}",
  booktitle =    "Natural Language Processing - NLP 2000",
  volume =       "1835",
  address =      "Patras, Grece",
  editor =       "D.N. Christodoulakis",
  publisher =    "Springer-Verlag",
  series=        "Lecture Notes in Artificial Intelligence",
  year =         2000
}

@PROCEEDINGS{nlprs95,
  title =        "{Natural Language Pacific Rim Symposium}",
  booktitle =    "Proceedings of the Natural Language Pacific Rim Symposium",
  series=        "",
  address =      "Seoul, Korea",
  editor =       "",
  publisher =    "",
  month =        "",
  year =         1995
}


@PROCEEDINGS{nemlap94,
  title =        "{International Conference on New Methods in Language Processing, NEMLAP}",
  booktitle =    "Proceedings of the International Conference on New Methods in Language Processing, NEMLAP",
  series =       "",
  address =      "UMIST (Manchester)",
  editor =       "",
  publisher =    "",
  month =        "",
  year =         1994
}

@PROCEEDINGS{ranlp95,
  title =        "{International Conference on Recent Advances in Natural Language Processing, RANLP95}",
  booktitle =    "Proceedings of the International Conference on Recent Advances in Natural Language Processing, RANLP95",
  address =      "Tzigov Chark, Bulgaria",
  editor =       "",
  month =        "",
  year =         1995
}

@PROCEEDINGS{salt97,
  title =        "{SALT Club Workshop on Evaluation in Speech and Language Technology}",
  booktitle =    "Proceedings of the SALT Club Workshop on Evaluation in Speech and Language Technology",
  address =      "Sheffield, U.K.",
  editor =       "R. Gaizauskas",
  month =        "",
  year =         1995
}

@PROCEEDINGS{sics99,
  title =        "{VI Simposio Internacional de Comunicaci\'{o}n Social}",
  booktitle =    "Proceedings of VI Simposio Internacional de Comunicaci\'{o}n Social",
  address =      "Santiago de Cuba, Cuba",
  editor =       "",
  year =         "1999"
}


@PROCEEDINGS{ssemdig95,
  title =        "{AAAI Spring Symposium on Empirical Methods in Discurse Interpretation and Generation}",
  booktitle =    "Proceedings of the AAAI Spring Symposium on Empirical Methods in Discurse Interpretation and Generation",
  address =      "",
  editor =       "",
  year =         1995
}

@PROCEEDINGS{taln99,
  title =        "{6e Conférence annuelle sur le Traitement Automatique des Langues Naturelles. TALN'99}",
  booktitle =    "Proceeding of 6e Conférence annuelle sur le Traitement Automatique des Langues Naturelles. TALN'99",
  address =      "Cargèse, Corse",
  editor =       "",
  year =         "1999"
}


@PROCEEDINGS{tsd2000,
  title =        "{Third International Workshop on TEXT, SPEECH and DIALOGUE (TSD'2000)}",
  booktitle =    "Proceedings of the Third International Workshop on TEXT, SPEECH and DIALOGUE (TSD'2000)",
  volume =       "1902",
  address =      "Brno, Czech Republic",
  editor =       "P. Sojka and I. Kopecek and K. Pala",
  publisher =    "Springer-Verlag",
  series=        "Lecture Notes in Artificial Intelligence",
  year =         2000,
  note =         ""
}


@PROCEEDINGS{vextal99,
  title =        "{Venezia per il Trattamento Automatico delle Lingue (VEXTAL'99)}",
  booktitle =    "Proceedings of the Venezia per il Trattamento Automatico delle Lingue (VEXTAL'99)",
  address =      "Venice (Italy)",
  editor =       "",
  year =         1999
}
