@misc{wiki-arg-theory, 
  title={Argumentation theory}, 
  url={https://en.wikipedia.org/wiki/Argumentation_theory}, 
  journal={Wikipedia}, 
  publisher={Wikimedia Foundation}, 
  year={2022}, 
  month={Jun}
}
@article{dykes2020reconstructing,
  title={Reconstructing arguments from Noisy text},
  author={Dykes, Natalie and Evert, Stefan and G{\"o}ttlinger, Merlin and Heinrich, Philipp and Schr{\"o}der, Lutz},
  journal={Datenbank-Spektrum},
  volume={20},
  number={2},
  pages={123--129},
  year={2020},
  publisher={Springer}
}
@inproceedings{stab2014identifying,
  title={Identifying argumentative discourse structures in persuasive essays},
  author={Stab, Christian and Gurevych, Iryna},
  booktitle={Proceedings of the 2014 conference on empirical methods in natural language processing (EMNLP)},
  pages={46--56},
  year={2014}
}
@article{eger2017neural,
  title={Neural end-to-end learning for computational argumentation mining},
  author={Eger, Steffen and Daxenberger, Johannes and Gurevych, Iryna},
  journal={arXiv preprint arXiv:1704.06104},
  year={2017}
}
@book{janier2019argument,
  title={Argument mining: Linguistic foundations},
  author={Janier, Mathilde and Saint-Dizier, Patrick},
  year={2019},
  publisher={John Wiley \& Sons}
}
@article{esteve2020mineria,
  title={Miner{\'\i}a de argumentaci{\'o}n en el Refer{\'e}ndum del 1 de Octubre de 2017},
  author={Esteve, Marcos and Casacuberta, Francisco and Rosso, Paolo},
  journal={Procesamiento del lenguaje natural},
  volume={65},
  pages={59--66},
  year={2020}
}
@incollection{mayer2020transformer,
  title={Transformer-based argument mining for healthcare applications},
  author={Mayer, Tobias and Cabrio, Elena and Villata, Serena},
  booktitle={ECAI 2020},
  pages={2108--2115},
  year={2020},
  publisher={IOS Press}
}
@inproceedings{galassi2018argumentative,
  title={Argumentative link prediction using residual networks and multi-objective learning},
  author={Galassi, Andrea and Lippi, Marco and Torroni, Paolo},
  booktitle={Proceedings of the 5th Workshop on Argument Mining},
  pages={1--10},
  year={2018}
}
@article{eger2018cross,
  title={Cross-lingual argumentation mining: Machine translation (and a bit of projection) is all you need!},
  author={Eger, Steffen and Daxenberger, Johannes and Stab, Christian and Gurevych, Iryna},
  journal={arXiv preprint arXiv:1807.08998},
  year={2018}
}
@article{stab2017parsing,
  title={Parsing argumentation structures in persuasive essays},
  author={Stab, Christian and Gurevych, Iryna},
  journal={Computational Linguistics},
  volume={43},
  number={3},
  pages={619--659},
  year={2017},
  publisher={MIT Press One Rogers Street, Cambridge, MA 02142-1209, USA journals-info~…}
}
@article{niculae2017argument,
  title={Argument mining with structured SVMs and RNNs},
  author={Niculae, Vlad and Park, Joonsuk and Cardie, Claire},
  journal={arXiv preprint arXiv:1704.06869},
  year={2017}
}
@article{goudas2015argument,
  title={Argument extraction from news, blogs, and the social web},
  author={Goudas, Theodosis and Louizos, Christos and Petasis, Georgios and Karkaletsis, Vangelis},
  journal={International Journal on Artificial Intelligence Tools},
  volume={24},
  number={05},
  pages={1540024},
  year={2015},
  publisher={World Scientific}
}
@misc{knauer, 
  title={CORESPUC: Struktur der Datenbank Corpus del Español Público en Cuba}, 
  url={https://www.researchgate.net/publication/334806795_CORESPUC_Struktur_der_Datenbank_Corpus_del_Espanol_Publico_en_Cuba}, 
  author={Knauer, Gabriele}
}